@misc{Procedural_programming,
author = {wiki},
title = {Procedural_programming},
year = {}, 
howpublished = "\url{https://en.wikipedia.org/wiki/Procedural_programming#Comparison_with_other_programming_paradigms"}